
@INPROCEEDINGS{1980SPIE..264...70P,
   author = {{Pavelin}, C.~J. and {Walter}, A.~J.~H.},
    title = "{Proposed STARLINK Software Environment}",
booktitle = {Applications of Digital Image Processing to Astronomy},
     year = 1980,
   series = {Proc.\ SPIE},
   volume = 264,
   editor = {{Elliott}, Denis~A.},
    pages = {70},
      doi = {10.1117/12.959785},
   adsurl = {http://adsabs.harvard.edu/abs/1980SPIE..264...70P},
  adsnote = {Provided by the SAO/NASA Astrophysics Data System}
}

@Misc{1981STARENT4,
  OPTkey =       {},
  author =    {Starlink},
  title =     "{Enterprise Starlink Information Bulletin \#4}",
  howpublished = {Starlink Project},
  OPTmonth =     {},
  year =      {1981},
  OPTnote =      {},
  OPTannote =    {}
}

@INPROCEEDINGS{2008ASPC..394..450E,
   author = {{Economou}, F. and {Jenness}, T. and {Chrysostomou}, A. and
	{Cavanagh}, B. and {Redman}, R. and {Berry}, D.~S.},
    title = "{The JCMT Legacy Survey: The challenges of the JCMT Science Archive}",
booktitle = {Astronomical Data Analysis Software and Systems XVII},
     year = 2008,
   series = {\aspconf},
   volume = 394,
   editor = {{Argyle}, R.~W. and {Bunclark}, P.~S. and {Lewis}, J.~R.},
    month = aug,
    pages = {450},
   adsurl = {http://adsabs.harvard.edu/abs/2008ASPC..394..450E},
  adsnote = {Provided by the SAO/NASA Astrophysics Data System}
}

@INPROCEEDINGS{P01_adassxxiii,
  author =       {Graham S. Bell and Malcolm J. Currie and Russell O. Redman and Maren Purves and Tim Jenness},
  title =        "{A New Archive of UKIRT Legacy Data at CADC}",
  booktitle =    {Astronomical Data Analysis Software and Systems
                  XXIII},
  pages =        {TBD},
  year =         2014,
  editor =       {Nadine Manset and P. Forshay},
  volume =       {TBD},
  series =       {\aspconf},
  address =      {San Francisco},
  publisher =    {ASP},
}


@ARTICLE{1982QJRAS..23..485D,
  author =       {{Disney}, M.~J. and {Wallace}, P.~T.},
  title =        "{STARLINK}",
  journal =      {\qjras},
  year =         1982,
  month =        dec,
  volume =       23,
  pages =        485,
  adsurl =       {http://adsabs.harvard.edu/abs/1982QJRAS..23..485D},
  adsnote =      {Provided by the SAO/NASA Astrophysics Data System}
}

@INPROCEEDINGS{2008ASPC..394..650C,
   author = {{Currie}, M.~J. and {Draper}, P.~W. and {Berry}, D.~S. and {Jenness}, T. and 
	{Cavanagh}, B. and {Economou}, F.},
    title = "{Starlink Software Developments}",
booktitle = {Astronomical Data Analysis Software and Systems XVII},
     year = 2008,
   series = {\aspconf},
   volume = 394,
   editor = {{Argyle}, R.~W. and {Bunclark}, P.~S. and {Lewis}, J.~R.},
    month = aug,
    pages = {650},
   adsurl = {http://adsabs.harvard.edu/abs/2008ASPC..394..650C},
  adsnote = {Provided by the SAO/NASA Astrophysics Data System}
}

@INPROCEEDINGS{1998ASPC..145...41W,
   author = {{Warren-Smith}, R.~F. and {Berry}, D.~S.},
    title = "{World Coordinate Systems as Objects}",
booktitle = {Astronomical Data Analysis Software and Systems VII},
     year = 1998,
   series = {\aspconf},
   volume = 145,
   editor = {{Albrecht}, R. and {Hook}, R.~N. and {Bushouse}, H.~A.},
    pages = {41},
   adsurl = {http://adsabs.harvard.edu/abs/1998ASPC..145...41W},
  adsnote = {Provided by the SAO/NASA Astrophysics Data System}
}

@INPROCEEDINGS{2012ASPC..461..825B,
   author = {{Berry}, D.~S. and {Jenness}, T.},
    title = "{New Features in AST: A WCS Management and Manipulation Library}",
booktitle = {Astronomical Data Analysis Software and Systems XXI},
     year = 2012,
   series = {\aspconf},
   volume = 461,
   editor = {{Ballester}, P. and {Egret}, D. and {Lorente}, N.~P.~F.},
    month = sep,
    pages = {825},
   adsurl = {http://adsabs.harvard.edu/abs/2012ASPC..461..825B},
  adsnote = {Provided by the SAO/NASA Astrophysics Data System}
}

@INPROCEEDINGS{2008ASPC..394..565J,
   author = {{Jenness}, T. and {Cavanagh}, B. and {Economou}, F. and {Berry}, D.~S.
	},
    title = "{JCMT Science Archive: Advanced Heterodyne Data Products Pipeline}",
booktitle = {Astronomical Data Analysis Software and Systems XVII},
     year = 2008,
   series = {\aspconf},
   volume = 394,
   editor = {{Argyle}, R.~W. and {Bunclark}, P.~S. and {Lewis}, J.~R.},
    month = aug,
    pages = {565},
   adsurl = {http://adsabs.harvard.edu/abs/2008ASPC..394..565J},
  adsnote = {Provided by the SAO/NASA Astrophysics Data System}
}

@InProceedings{2013ASPC..475..159R,
  author =       {Russell O. Redman and Pat Dowler},
  title =        {Implementing a Common Database Architecture at the CADC using CAOM-2},
  booktitle =    {Astronomical Data Analysis Software and Systems
                  XXII},
  pages =        {159},
  year =         2013,
  editor =       {Doug Friedel},
  volume =       {475},
  series =       {ASP Conf. Ser.},
  address =      {San Francisco},
  publisher =    {ASP},
}


@Misc{SGP38,
  author =    {M. J. Currie and P. T. Wallace and R. F. Warren-Smith},
  title =     {{Starlink General Paper 38}},
  howpublished = {Starlink Project},
  year =      {2009},
}

@Article{1988STARB...2...11C,
  author =       {Malcolm J. Currie},
  title =        {Standard data formats},
  journal =      {Starlink Bulletin},
  year =         {1988},
  volume =    {2},
  pages =     {11},
}

@Article{1997STARB..19...14C,
  author =       {Malcolm J. Currie},
  title =        {Data-format conversion},
  journal =      {Starlink Bulletin},
  year =         1997,
  volume =       19,
  pages =        14,
}

@INPROCEEDINGS{1993ASPC...52..229W,
   author = {{Warren-Smith}, R.~F. and {Wallace}, P.~T.},
    title = "{The STARLINK Software Collection}",
booktitle = {Astronomical Data Analysis Software and Systems II},
     year = 1993,
   series = {\aspconf},
   volume = 52,
   editor = {{Hanisch}, R.~J. and {Brissenden}, R.~J.~V. and {Barnes}, J.
	},
    month = jan,
    pages = {229},
   adsurl = {http://adsabs.harvard.edu/abs/1993ASPC...52..229W},
  adsnote = {Provided by the SAO/NASA Astrophysics Data System}
}

@INPROCEEDINGS{2009ASPC..411..418J,
   author = {{Jenness}, T. and {Berry}, D.~S. and {Cavanagh}, B. and {Currie}, M.~J. and 
	{Draper}, P.~W. and {Economou}, F.},
    title = "{Developments in the Starlink Software Collection}",
booktitle = {Astronomical Data Analysis Software and Systems XVIII},
     year = 2009,
   series = {\aspconf},
   volume = 411,
   editor = {{Bohlender}, D.~A. and {Durand}, D. and {Dowler}, P.},
    month = sep,
    pages = {418},
   adsurl = {http://adsabs.harvard.edu/abs/2009ASPC..411..418J},
  adsnote = {Provided by the SAO/NASA Astrophysics Data System}
}

@INPROCEEDINGS{2001ASPC..238..129B,
   author = {{Berry}, D.~S.},
    title = "{Providing Improved WCS Facilities Through the Starlink AST and NDF Libraries}",
booktitle = {Astronomical Data Analysis Software and Systems X},
     year = 2001,
   series = {\aspconf},
   volume = 238,
   editor = {{Harnden}, Jr., F.~R. and {Primini}, F.~A. and {Payne}, H.~E.
	},
    pages = {129},
   adsurl = {http://adsabs.harvard.edu/abs/2001ASPC..238..129B},
  adsnote = {Provided by the SAO/NASA Astrophysics Data System}
}

@InProceedings{P90_adassxxiii,
  author =       {Brian Thomas and others},
  title =        {Why FITS is failing to meet the needs of modern astronomical research},
  booktitle =    {Astronomical Data Analysis Software and Systems
                  XXIII},
  pages =        {TBD},
  year =         2014,
  editor =       {Nadine Manset and P. Forshay},
  volume =       {TBD},
  series =       {ASP Conf. Ser.},
  address =      {San Francisco},
  publisher =    {ASP},
}

@ARTICLE{2013MNRAS.430.2545C,
  author =       {{Chapin}, E.~L. and {Berry}, D.~S. and {Gibb},
                  A.~G. and {Jenness}, T. and {Scott}, D. and
                  {Tilanus}, R.~P.~J. and {Economou}, F. and
                  {Holland}, W.~S.  },
  title =        "{SCUBA-2: iterative map-making with the
                  Sub-Millimetre User Reduction Facility}",
  journal =      {\mnras},
  keywords =     {methods: data analysis, methods: observational,
                  techniques: image processing, submillimetre:
                  general},
  year =         2013,
  month =        apr,
  volume =       430,
  pages =        {2545-2573},
  doi =          {10.1093/mnras/stt052},
  adsurl =       {http://adsabs.harvard.edu/abs/2013MNRAS.430.2545C},
  adsnote =      {Provided by the SAO/NASA Astrophysics Data System}
}

@ARTICLE{1986BICDS..30...13L,
   author = {{Lawden}, M.~D.},
    title = "{The Starlink Astronomical Network}",
  journal = {Bulletin d'Information du Centre de Donnees Stellaires},
     year = 1986,
    month = mar,
   volume = 30,
    pages = {13},
   adsurl = {http://adsabs.harvard.edu/abs/1986BICDS..30...13L},
  adsnote = {Provided by the SAO/NASA Astrophysics Data System}
}


@ARTICLE{1981A&AS...44..363W,
  author =       {{Wells}, D.~C. and {Greisen}, E.~W. and {Harten},
                  R.~H.},
  title =        "{FITS - a Flexible Image Transport System}",
  journal =      {\aaps},
  year =         1981,
  month =        jun,
  volume =       44,
  pages =        363,
  adsurl =       {http://adsabs.harvard.edu/abs/1981A%26AS...44..363W},
  adsnote =      {Provided by the SAO/NASA Astrophysics Data System}
}

@ARTICLE{1988A&AS...73..365H,
   author = {{Harten}, R.~H. and {Grosbol}, P. and {Greisen}, E.~W. and {Wells}, D.~C.
	},
    title = "{The FITS tables extension}",
  journal = {\aaps},
 keywords = {DATA TRANSMISSION, IMAGE PROCESSING, MAGNETIC TAPE TRANSPORTS, ASTRONOMICAL CATALOGS, DATA BASES, DATA PROCESSING, DATA RECORDING, FORMAT, TABLES (DATA)},
     year = 1988,
    month = jun,
   volume = 73,
    pages = {365-372},
   adsurl = {http://adsabs.harvard.edu/abs/1988A%26AS...73..365H},
  adsnote = {Provided by the SAO/NASA Astrophysics Data System}
}

@ARTICLE{2006A&A...446..747G,
   author = {{Greisen}, E.~W. and {Calabretta}, M.~R. and {Valdes}, F.~G. and 
	{Allen}, S.~L.},
    title = "{Representations of spectral coordinates in FITS}",
  journal = {\aap},
 keywords = {methods: data analysis, techniques: image processing, techniques: radial velocities, techniques: spectroscopic, astronomical data bases: miscellaneous},
     year = 2006,
    month = feb,
   volume = 446,
    pages = {747-771},
      doi = {10.1051/0004-6361:20053818},
   adsurl = {http://adsabs.harvard.edu/abs/2006A%26A...446..747G},
  adsnote = {Provided by the SAO/NASA Astrophysics Data System}
}

@INPROCEEDINGS{1993ASPC...52..199B,
   author = {{Bailey}, J.},
    title = "{An Object-Oriented Data Reduction System in FORTRAN}",
booktitle = {Astronomical Data Analysis Software and Systems II},
     year = 1993,
   series = {ASP Conf.\ Ser.},
   volume = 52,
   editor = {{Hanisch}, R.~J. and {Brissenden}, R.~J.~V. and {Barnes}, J.
	},
    month = jan,
    pages = {199},
   adsurl = {http://adsabs.harvard.edu/abs/1993ASPC...52..199B},
  adsnote = {Provided by the SAO/NASA Astrophysics Data System}
}

@INPROCEEDINGS{1993ASPC...52..219S,
   author = {{Shortridge}, K.},
    title = "{The Evolution of the FIGARO Data Reduction System}",
booktitle = {Astronomical Data Analysis Software and Systems II},
     year = 1993,
   series = {ASP Conf.\ Ser.},
   volume = 52,
   editor = {{Hanisch}, R.~J. and {Brissenden}, R.~J.~V. and {Barnes}, J.
	},
    month = jan,
    pages = {219},
   adsurl = {http://adsabs.harvard.edu/abs/1993ASPC...52..219S},
  adsnote = {Provided by the SAO/NASA Astrophysics Data System}
}

@INPROCEEDINGS{2012ASPC..461..339D,
   author = {{Dowler}, P.},
    title = "{CAOM-2.0: The Inevitable Evolution of a Data Model}",
booktitle = {Astronomical Data Analysis Software and Systems XXI},
     year = 2012,
   series = {ASP Conf.\ Ser.},
   volume = 461,
   editor = {{Ballester}, P. and {Egret}, D. and {Lorente}, N.~P.~F.},
    month = sep,
    pages = {339},
   adsurl = {http://adsabs.harvard.edu/abs/2012ASPC..461..339D},
  adsnote = {Provided by the SAO/NASA Astrophysics Data System}
}

@InProceedings{2013ASPC..475...49H,
  author =       {Warren Hack and Nadezhda Dencheva and Andrew
                  Fruchter},
  title =        {DrizzlePac: Managing Multi-component WCS solutions
                  for HST data},
  booktitle =    {Astronomical Data Analysis Software and Systems
                  XXII},
  pages =        {49},
  year =         2013,
  editor =       {Doug Friedel},
  volume =       {475},
  series =       {\aspconf},
}

@ARTICLE{2013MNRAS.430.2513H,
   author = {{Holland}, W.~S. and others},
    title = "{SCUBA-2: the 10 000 pixel bolometer camera on the James Clerk Maxwell Telescope}",
  journal = {\mnras},
 keywords = {instrumentation: detectors, submillimetre: general},
     year = 2013,
    month = apr,
   volume = 430,
    pages = {2513-2533},
      doi = {10.1093/mnras/sts612},
   adsurl = {http://adsabs.harvard.edu/abs/2013MNRAS.430.2513H},
  adsnote = {Provided by the SAO/NASA Astrophysics Data System}
}

@INPROCEEDINGS{2003ASPC..295..221G,
  author =       {{Giaretta}, D. and {Taylor}, M. and {Draper}, P. and
                  {Gray}, N. and {McIlwrath}, B.},
  title =        "{HDX Data Model: FITS, NDF and XML Implementation}",
  booktitle =    {Astronomical Data Analysis Software and Systems XII},
  year =         2003,
  series =       {\aspconf},
  volume =       295,
  editor =       {{Payne}, H.~E. and {Jedrzejewski}, R.~I. and {Hook},
                  R.~N.},
  pages =        221,
  adsurl =       {http://adsabs.harvard.edu/abs/2003ASPC..295..221G},
  adsnote =      {Provided by the SAO/NASA Astrophysics Data System}
}

@INPROCEEDINGS{1979ipia.coll..445W,
   author = {{Wells}, D.~C. and {Greisen}, E.~W.},
    title = "{FITS - a Flexible Image Transport System}",
booktitle = {Image Processing in Astronomy},
     year = 1979,
   editor = {{Sedmak}, G. and {Capaccioli}, M. and {Allen}, R.~J.},
    pages = {445},
   adsurl = {http://adsabs.harvard.edu/abs/1979ipia.coll..445W},
  adsnote = {Provided by the SAO/NASA Astrophysics Data System}
}

@INPROCEEDINGS{1995ASPC...77..199A,
   author = {{Allan}, D.~J.},
    title = "{An Abstract Data Interface}",
booktitle = {Astronomical Data Analysis Software and Systems IV},
     year = 1995,
   series = {\aspconf},
   volume = 77,
   editor = {{Shaw}, R.~A. and {Payne}, H.~E. and {Hayes}, J.~J.~E.},
    pages = {199},
   adsurl = {http://adsabs.harvard.edu/abs/1995ASPC...77..199A},
  adsnote = {Provided by the SAO/NASA Astrophysics Data System}
}

@Misc{SUN4,
  author =    {M. D. Lawden},
  title =     "{INTERIM -- Starlink Software Environment}",
  howpublished = {Starlink User Note 4, Starlink Project, SERC},
  year =      {1989},
}

@Misc{SUN98,
  author =    {D. J. Allan and R. J. Vallance and R. D. Saxton},
  title =     "{ASTERIX -- X-ray Data Processing System}",
  howpublished = {Starlink User Note 98, Starlink Project, CLRC},
  year =      {1995},
}

